<record><leader>00000cas a22000007a 4500</leader><controlfield tag="001">12366330</controlfield><controlfield tag="008">850809c18609999mouwr ne      0    0eng d</controlfield><datafield ind1=" " ind2=" " tag="010"><subfield code="a">sn 85033997 </subfield></datafield><datafield ind1=" " ind2=" " tag="040"><subfield code="a">NPU</subfield><subfield code="b">eng</subfield><subfield code="c">NPU</subfield><subfield code="d">NPT</subfield><subfield code="d">MQN</subfield><subfield code="d">OCL</subfield><subfield code="d">OCLCQ</subfield><subfield code="d">OCLCF</subfield><subfield code="d">OCLCO</subfield></datafield><datafield ind1="1" ind2=" " tag="029"><subfield code="a">AU@</subfield><subfield code="b">000020234617</subfield></datafield><datafield ind1=" " ind2=" " tag="042"><subfield code="a">msc</subfield></datafield><datafield ind1=" " ind2=" " tag="043"><subfield code="a">n-us-mo</subfield></datafield><datafield ind1="0" ind2=" " tag="130"><subfield code="a">Liberty tribune (Liberty, Mo. : 1860)</subfield></datafield><datafield ind1="1" ind2="0" tag="245"><subfield code="a">Liberty tribune.</subfield></datafield><datafield ind1=" " ind2=" " tag="260"><subfield code="a">Liberty, Clay County, Mo. :</subfield><subfield code="b">Robert H. Miller,</subfield><subfield code="c">1860-</subfield></datafield><datafield ind1=" " ind2=" " tag="300"><subfield code="a">v.</subfield></datafield><datafield ind1=" " ind2=" " tag="310"><subfield code="a">Weekly,</subfield><subfield code="b">Oct. 31, 1968-</subfield></datafield><datafield ind1=" " ind2=" " tag="321"><subfield code="a">Weekly,</subfield><subfield code="b">Aug. 17, 1860-Dec. 28, 1959</subfield></datafield><datafield ind1=" " ind2=" " tag="321"><subfield code="a">Triweekly,</subfield><subfield code="b">Jan. 4, 1960-Feb. 8, 1965</subfield></datafield><datafield ind1=" " ind2=" " tag="321"><subfield code="a">Semiweekly,</subfield><subfield code="b">Feb. 11, 1965-Oct. 28, 1968</subfield></datafield><datafield ind1="0" ind2=" " tag="362"><subfield code="a">Vol. 15, no. 14 (Aug. 17, 1860)-</subfield></datafield><datafield ind1=" " ind2=" " tag="500"><subfield code="a">Special daily issues published for State Convention of Disciples of Christ, June 5-6, 1929: Daily Liberty tribune.</subfield></datafield><datafield ind1=" " ind2=" " tag="515"><subfield code="a">Numbering changed from vols. to years with issue for Dec. 30, 1981.</subfield></datafield><datafield ind1=" " ind2="0" tag="651"><subfield code="a">Liberty (Mo.)</subfield><subfield code="v">Newspapers.</subfield></datafield><datafield ind1=" " ind2="7" tag="655"><subfield code="a">Newspapers.</subfield><subfield code="2">fast</subfield><subfield code="0">(OCoLC)fst01423814</subfield></datafield><datafield ind1=" " ind2="7" tag="651"><subfield code="a">Missouri</subfield><subfield code="z">Liberty.</subfield><subfield code="2">fast</subfield><subfield code="0">(OCoLC)fst01220807</subfield></datafield><datafield ind1=" " ind2=" " tag="752"><subfield code="a">United States</subfield><subfield code="b">Missouri</subfield><subfield code="c">Clay</subfield><subfield code="d">Liberty.</subfield></datafield><datafield ind1="0" ind2=" " tag="775"><subfield code="t">Liberty tribune-news</subfield><subfield code="w">(DLC)sn 90061397</subfield></datafield><datafield ind1="0" ind2="0" tag="780"><subfield code="t">Liberty weekly tribune</subfield><subfield code="w">(DLC)sn 83025409</subfield></datafield><datafield ind1="0" ind2="5" tag="780"><subfield code="t">Liberty advance</subfield><subfield code="w">(DLC)sn 90061400</subfield></datafield></record>